@article {Moult2015,
author = {Moult, John and Fidelis, Krzysztof and Kryshtafovych, Andriy and Schwede, Torsten and Tramontano, Anna},
title = {Critical assessment of methods of protein structure prediction (CASP) — round x},
journal = {Proteins: Structure, Function, and Bioinformatics},
volume = {82},
issn = {1097-0134},
url = {http://dx.doi.org/10.1002/prot.24452},
doi = {10.1002/prot.24452},
pages = {1--6},
keywords = {CASP, community wide experiment, protein structure prediction},
year = {2014},
}

@article {Lensink2017,
author = {Lensink, Marc F. and Velankar, Sameer and Wodak, Shoshana J.},
title = {Modeling protein–protein and protein–peptide complexes: CAPRI 6th edition},
journal = {Proteins: Structure, Function, and Bioinformatics},
volume = {85},
number = {3},
issn = {1097-0134},
url = {http://dx.doi.org/10.1002/prot.25215},
doi = {10.1002/prot.25215},
pages = {359--377},
keywords = {capri, protein docking, blind prediction, water modeling, protein–peptide interation},
year = {2017},
}


@Article{stodden2008,
  author = 	 {Victoria Stodden},
  title = 	 {The Legal Framework for Reproducible Scientific Research: Licensing and Copyright}, 
  journal = 	 {Computing in Science \& Engineering},
  year = 	 {2008},
  volume = 	 {11},
  number = 	 {1}

}


@Book{ReproResearch2010,
  title =	 {Reproducible Research},
  publisher =	 {IEEE Computer Society},
  year =	 {2010},
  volume =	 {12},
  number =	 {05},
  month =	 {Sept},
  note =	 {ISSN 1521-9615}
}

@ARTICLE{Bailey_setthe,
    author = {David Bailey and Jonathan Borwein and Victoria Stodden},
    title = {Set the default to \"open\"},
    journal = {Notices of the AMS},
    year = {2013},
}


@article{DBLP:journals/corr/JamesWS14,
  author    = {Doug James and
               Nancy Wilkins{-}Diehr and
               Victoria Stodden and
               Dirk Colbry and
               Carlos Rosales and
               Mark R. Fahey and
               Justin Shi and
               Rafael Ferreira da Silva and
               Kyo Lee and
               Ralph Roskies and
               Laurence Loewe and
               Susan Lindsey and
               Rob Kooper and
               Lorena Barba and
               David H. Bailey and
               Jonathan M. Borwein and
               {\'{O}}scar Corcho and
               Ewa Deelman and
               Michael C. Dietze and
               Benjamin Gilbert and
               Jan Harkes and
               Seth Keele and
               Praveen Kumar and
               Jong Lee and
               Erika Linke and
               Richard Marciano and
               Luigi Marini and
               Chris Mattmann and
               Dave Mattson and
               Kenton McHenry and
               Robert T. McLay and
               Sheila Miguez and
               Barbara S. Minsker and
               Mar{\'{\i}}a S. P{\'{e}}rez{-}Hern{\'{a}}ndez and
               Dan Ryan and
               Mats Rynge and
               Idafen Santana P{\'{e}}rez and
               Mahadev Satyanarayanan and
               Gloriana St. Clair and
               Keith Webster and
               Eivind Hovig and
               Daniel S. Katz and
               Sophie Kay and
               Geir Kjetil Sandve and
               David Skinner and
               Gabrielle Allen and
               John Cazes and
               Kym Won Cho and
               Jim Fonseca and
               Lorraine Hwang and
               Lars Koesterke and
               Pragnesh Patel and
               Line Pouchard and
               Edward Seidel and
               Isuru Suriarachchi},
  title     = {Standing Together for Reproducibility in Large-Scale Computing: Report
               on reproducibility@XSEDE},
  journal   = {CoRR},
  volume    = {abs/1412.5557},
  year      = {2014},
  url       = {http://arxiv.org/abs/1412.5557},
  timestamp = {Sun, 04 Sep 2016 11:55:16 +0200},
  biburl    = {http://dblp.uni-trier.de/rec/bib/journals/corr/JamesWS14},
  bibsource = {dblp computer science bibliography, http://dblp.org}
}

@TechReport{collberg-et-al:2014,
  author = 	 {Christian Collberg and Todd Proebsting and Gina Moraila and Akash Shankaran and Zuoming Shi and Alex M. Warren},
  title = 	 {{Measuring Reproducibility in Computer Systems Research}},
  institution =  {Department of Computer Science, University of Arizona},
  year = 	 {2014}
}

@article{Miller2006,
	author = {Greg Miller}, 
	title = {{A Scientist's Nightmare: Software Problem Leads to Five Retractions}},
	volume = {314}, 
	number = {5807}, 
	pages = {1856--1857}, 
	year = {2006}, 
	journal = {Science} 
}
@article{Wilson2014,
	author = {Wilson, Greg},
	title={{Software Carpentry: lessons learned}},
	volume={3},
	number={62},
	journal={F1000Research}
}

@article{wilson2006,
    author =  {Greg Wilson},
    title =   {Software Carpentry: Getting Scientists to Write Better Code by Making Them More Productive},
    journal = {{Computing in Science \& Engineering}},
    volume  = {8},
    number  = {6},
    year =    {2006}
}

@article{Hall2014,
   author = {Hall, Benjamin A. and Jackson, Ethan and Hajnal, Alex and Fisher, Jasmin},
   title = {Logic programming to predict cell fate patterns and retrodict genotypes in organogenesis},
   journal = {Journal of The Royal Society Interface},
   volume = {11},
   number = {98},
   year = {2014}
}

@article{Hucka2003,
   author = {Hucka, M. and Finney, A. and Sauro, H. M. and Bolouri, H. and Doyle, J. C. and Kitano, H. and Arkin, A. P. and Bornstein, B. J. and Bray, D. and Cornish-Bowden, A. and Cuellar, A. A. and Dronov, S. and Gilles, E. D. and Ginkel, M. and Gor, V. and Goryanin, II and Hedley, W. J. and Hodgman, T. C. and Hofmeyr, J. H. and Hunter, P. J. and Juty, N. S. and Kasberger, J. L. and Kremling, A. and Kummer, U. and Le Novere, N. and Loew, L. M. and Lucio, D. and Mendes, P. and Minch, E. and Mjolsness, E. D. and Nakayama, Y. and Nelson, M. R. and Nielsen, P. F. and Sakurada, T. and Schaff, J. C. and Shapiro, B. E. and Shimizu, T. S. and Spence, H. D. and Stelling, J. and Takahashi, K. and Tomita, M. and Wagner, J. and Wang, J.},
   title = {The systems biology markup language ({SBML}): a medium for representation and exchange of biochemical network models},
   journal = {Bioinformatics},
   volume = {19},
   number = {4},
   pages = {524--31},
   year = {2003}
}

@article{Chaouiya2013,
   author = {Chaouiya, C. and Berenguier, D. and Keating, S. M. and Naldi, A. and van Iersel, M. P. and Rodriguez, N. and Drager, A. and Buchel, F. and Cokelaer, T. and Kowal, B. and Wicks, B. and Goncalves, E. and Dorier, J. and Page, M. and Monteiro, P. T. and von Kamp, A. and Xenarios, I. and de Jong, H. and Hucka, M. and Klamt, S. and Thieffry, D. and Le Novere, N. and Saez-Rodriguez, J. and Helikar, T.},
   title = {{SBML} qualitative models: a model representation format and infrastructure to foster interactions between qualitative modelling formalisms and tools},
   journal = {{BMC Systems Biology}},
   volume = {7},
   year = {2013}
}


@article{Hall2014Sidekick,
author = {Hall, Benjamin A. and Halim, Khairul Bariyyah Abd and Buyan, Amanda and Emmanouil, Beatrice and Sansom, Mark S. P.},
title = {Sidekick for Membrane Simulations: Automated Ensemble Molecular Dynamics Simulations of Transmembrane Helices},
journal = {Journal of Chemical Theory and Computation},
volume = {10},
number = {5},
pages = {2165--2175},
year = {2014}
   }

@article{Giles2004,
 author = {Jim Giles},
 title = {Software company bans competitive users},
 journal = {Nature},
 volume = {429},
 number = {6989},
 year = {2004}
}

@inproceedings{Benque2012,
 author = {Benque, David and Bourton, Sam and Cockerton, Caitlin and Cook, Byron and Fisher, Jasmin and Ishtiaq, Samin and Piterman, Nir and Taylor, Alex and Vardi, Moshe Y},
  title = {{BMA: visual tool for modeling and analyzing biological networks}},
  booktitle = {{Proceedings of the 24th International Conference on Computer Aided Verification (CAV 2012)}},
  year      = {2012},
  publisher = {Springer},
  series    = {Lecture Notes in Computer Science},
  volume    = {7358},
  pages     = {686--692}
}

@article{Kauffman1969,
 author = {Kauffman, S. A.},
 title = {Metabolic stability and epigenesis in randomly constructed genetic nets},
 journal = {Journal of Theoretical Biology},
 volume = {22},
 number = {3},
 pages = {437--67},
 year = {1969}
}

@article{Schaub2007,
 author = {Schaub, M A and Henzinger, T A and Fisher, J},
 title = {Qualitative networks: a symbolic approach to analyze biological signaling networks},
 journal = {{BMC Systems Biology}},
 volume = {1},
 pages = {4},
 year = {2007}
}

@article{Hess2008,
	author = {Hess, Berk and Kutzner, Carsten and van der Spoel, David and Lindahl, Erik},
	title = {{GROMACS 4: Algorithms for Highly Efficient, Load-Balanced, and Scalable Molecular Simulation}},
	journal = {Journal of Chemical Theory and Computation},
	volume = {4},
	number = {3},
	pages = {435-447},
	year = {2008}
}

@article {Brooks2009,
	author = {Brooks, B. R. and Brooks, C. L. and Mackerell, A. D. and Nilsson, L. and Petrella, R. J. and Roux, B. and Won, Y. and Archontis, G. and Bartels, C. and Boresch, S. and Caflisch, A. and Caves, L. and Cui, Q. and Dinner, A. R. and Feig, M. and Fischer, S. and Gao, J. and Hodoscek, M. and Im, W. and Kuczera, K. and Lazaridis, T. and Ma, J. and Ovchinnikov, V. and Paci, E. and Pastor, R. W. and Post, C. B. and Pu, J. Z. and Schaefer, M. and Tidor, B. and Venable, R. M. and Woodcock, H. L. and Wu, X. and Yang, W. and York, D. M. and Karplus, M.},
	title = {{CHARMM: The biomolecular simulation program}},
	journal = {Journal of Computational Chemistry},
	volume = {30},
	number = {10},
	publisher = {Wiley},
	pages = {1545--1614},
	year = {2009}
}



@InProceedings{Bowers2006,
author = {Kevin J. Bowers and Edmond Chow and Huafeng Xu and Ron O. Dror and Michael P. Eastwood and Brent A. Gregersen and John L. Klepeis and Istvan Kolossvary and Mark A. Moraes and Federico D. Sacerdoti and John K. Salmon and Yibing Shan and David E. Shaw},
title = {Scalable Algorithms for Molecular Dynamics Simulations on Commodity Clusters},
  booktitle = {Proceedings of the 2006 ACM/IEEE Conference on Supercomputing},
  year = 	 {2006},
  publisher = {IEEE Press}
}

@Article{stodden-et-al:2013,
  author = 	 {Victoria Stodden and Peixuan Guo and Zhaokun Ma},
  title = 	 {{Toward Reproducible Computational Research: An Empirical Analysis of Data and Code Policy Adoption by Journals}},
  journal = 	 {{PLoS ONE}},
  year = 	 {2013},
  volume = 	 {8},
  number = 	 {6}

}

@Article{chirigati-et-al:2013,
  author = 	 {{Fernando Seabra} Chirigati and Matthias Troyer and Dennis Shasha and Juliana Freire},
  title = 	 {{A Computational Reproducibility Benchmark}},
  journal = 	 {{IEEE Data Engineering Bulletin}},
  year = 	 {2013},
  volume = 	 {36},
  number = 	 {4},
  pages = 	 {54--59}
}

@InProceedings{fursin+dubach:2014,
  author = 	 {Grigori Fursin and Christophe Dubach},
  title = 	 {{Community-Driven Reviewing and Validation of Publications}},
  booktitle = {{Proceedings of the 1st ACM SIGPLAN Workshop on Reproducible Research Methodologies and New Publication Models in Computer Engineering (TRUST'14)}},
  pages = 	 {1--4},
  year = 	 {2014},
  publisher =    {ACM Press}
}

@InProceedings{sim-et-al:2003,
  author = 	 {S.E. Sim and S. Easterbrook and R.C. Holt},
  title = 	 {Using benchmarking to advance research: a challenge to software engineering},
  booktitle = {{Proceedings of the 25th International Conference on Software Engineering (ICSE 2003)}},
  pages = 	 {74--83},
  year = 	 {2003},
  publisher = {IEEE Press}
}

@INPROCEEDINGS{crick-et-al:2009a,
  author = {Tom Crick and Marina {De Vos} and Martin Brain and John Fitch},
  title = {{Generating Optimal Code using Answer Set Programming}},
  booktitle = {{Proceedings of 10th International Conference on Logic Programming and Nonmonotonic Reasoning (LPNMR'09)}},
  year = {2009},
  volume = {5753},
  series = {Lecture Notes in Computer Science},
  pages = {554--559},
  publisher = {Springer}
}

@ARTICLE{crick-et-al:2009b,
  author = {Tom Crick and Peter Dunning and Hyunsun Kim and Julian Padget},
  title = {{Engineering Design Optimization using Services and Workflows}},
  journal = {{Philosophical Transactions of the Royal Society A}},
  year = {2009},
  volume = {367},
  pages = {2741--2751},
  number = {1898}
}

@inproceedings{Berdine2011SLAyer, 
  author    = {Josh Berdine and Byron Cook and Samin Ishtiaq},
  title     = {{SLAyer: Memory Safety for Systems-Level Code}},
  booktitle = {{Proceedings of the 23rd International Conference on Computer Aided Verification (CAV 2011)}},
  year      = {2011},
  publisher = {Springer},
  series    = {Lecture Notes in Computer Science},
  volume    = {6806},
  pages     = {178--183}
}

@article{GonthierZND13,
  author    = {Georges Gonthier and Beta Ziliani and Aleksandar Nanevski and Derek Dreyer},
  title     = {How to make ad hoc proof automation less ad hoc},
  journal   = {{Journal of Functional Programming}},
  volume    = {23},
  number    = {4},
  year      = {2013},
  pages     = {357--401}
}

@Article{andreessen:2011,
  author = 	 {Marc Andreessen},
  title = 	 {{Why Software Is Eating The World}},
  journal = 	 {{The Wall Street Journal}},
  year = 	 {2011},
  month = 	 {August},
  note = 	 {Available online: \url{http://online.wsj.com/news/articles/SB10001424053111903480904576512250915629460}}
}



@Article{deMoura2012Z3open,
  author = 	 {Leonardo de Moura},
  title = 	 {{Releasing the {Z3} source code}}, 
  year = 	 {2012},
  note = 	 {Available online: \url{http://leodemoura.github.io/blog/2012/10/02/open-z3.html}}
}


@Article{SMTComp2014,
  title = 	 {{SMT COMP}}, 
  year = 	 {2014},
  note = 	 {\url{http://smtcomp.sourceforge.net/2014/}}
}

@Article{SVComp2015,
  title = 	 {{SV COMP}}, 
  year = 	 {2015},
  note = 	 {\url{http://sv-comp.sosy-lab.org/2015/}}
}

@Article{rssaaoe:2012,
  author = 	 {{Royal Society}},
  title = 	 {Science as an open enterprise},
  year = 	 {2012},
  note = 	 {Available from: \url{https://royalsociety.org/policy/projects/science-public-enterprise/report/}}
}

@Article{prosser:2012,
  author = 	 {Patrick Prosser},
  title = 	 {{Exact Algorithms for Maximum Clique: A Computational Study}},
  journal = 	 {Algorithms},
  year = 	 {2012},
  volume = 	 {5},
  number = 	 {4},
  pages = 	 {545--587}
}

@InProceedings{beck-et-al:2005,
  author = 	 {J. Christopher Beck and Patrick Prosser and Richard J. Wallace},
  title = 	 {{Trying Again to Fail-First}},
  booktitle =    {{Proceedings of the Joint ERCIM/CoLogNet International Workshop on Constraint Solving and Constraint Logic Programming (CSCLP 2004)}},
  pages = 	 {41--55},
  year = 	 {2005},
  volume = 	 {3419},
  series = 	 {{Lecture Notes in Computer Science}},
  publisher =    {Springer}
}

@Unpublished{gent:2013,
  author = 	 {Ian P. Gent},
  title = 	 {{The Recomputation Manifesto}},
  note = 	 {Available from: \url{http://arxiv.org/abs/1304.3674}},
  month = 	 {April},
  year = 	 {2013}
}

@Article{tryFsharp,
author = {F\# Foundation}, 
title  = {{Welcome to F\#}}, 
note = {\url{http://www.tryfsharp.org/Learn}}
}


@Article{Z3tutorial,
author = {Z3}, 
title  = {Getting started with Z3}, 
note = {\url{http://rise4fun.com/Z3/tutorial/guide}}
}

@article{morin-et-al:2012,
author = {Morin, A. and Urban, J. and Adams, P. D. and Foster, I. and Sali, A. and Baker, D. and Sliz, P.}, 
title = {{Shining Light into Black Boxes}},
volume = {336}, 
number = {6078}, 
pages = {159--160}, 
year = {2012}, 
journal = {Science} 
}

@Misc{osl,
  title = 	 {{Open Source Licenses}},
  howpublished = {\url{http://opensource.org/licenses}}
}

@Article{barnes:2010,
  author = 	 {Nick Barnes},
  title = 	 {Publish your computer code: it is good enough},
  journal = 	 {Nature},
  year = 	 {2010},
  volume = 	 {467},
  number = 	 {753}
}

@Article{nature:2011,
  author = 	 {Editorial},
  title = 	 {Devil in the details},
  journal = 	 {Nature},
  year = 	 {2011},
  volume = 	 {470},
  number = 	 {7334},
  pages =        {305--306}
}

@Article{goble:2014,
  author = 	 {Carole Goble},
  title = 	 {{Better Software, Better Research}},
  journal = 	 {{IEEE Internet Computing}},
  year = 	 {2014},
  volume = 	 {18},
  number = 	 {5},
  pages = 	 {4--8}
}

@Article{fursin-et-al:2014,
  author = 	 {Grigori Fursin and Renato Miceli and Anton Lokhmotov and Michael Gerndt and Marc Baboulin and Allen D. Malony and Zbigniew Chamski and Diego Novillo and Davide {Del Vento}},
  title = 	 {{Collective mind: Towards practical and collaborative auto-tuning}},
  journal = 	 {{Scientific Programming}},
  year = 	 {2014},
  volume = 	 {22},
  number = 	 {4},
  pages = 	 {309--329}
}

@Book{rms:2010,
  author = 	 {Richard M. Stallman},
  title = 	 {{Free Software Free Society: Selected Essays of Richard M. Stallman}},
  publisher = 	 {Free Software Foundation},
  year = 	 {2010}
}

@Unpublished{crick-et-al-cav,
  author = 	 {Tom Crick and Benjamin A. Hall and Samin Ishtiaq},
  title = 	 {{Dear CAV, We Need to Talk About Reproducibility}},
  note = 	 {Available from: \url{http://arxiv.org/abs/1502.02448}},
  month = 	 {February},
  year = 	 {2015}
}

@INPROCEEDINGS{crick-et-al_recomp2014,
  author =      {Tom Crick and Benjamin A. Hall and Samin Ishtiaq and Kenji Takeda},
  title =       {{``Share and Enjoy'': Publishing Useful (and Usable) Scientific Models}},
  booktitle =   {{Proceedings of 1st International Workshop on Recomputability}},
  year =        {2014}
}

@INPROCEEDINGS{crick-et-al_wssspe2,
  author =      {Tom Crick and Benjamin A. Hall and Samin Ishtiaq},
  title =       {{``Can I Implement Your Algorithm?'': A Model for Reproducible Research Software}},
  booktitle =   {{Proceedings of 2nd International Workshop on Sustainable Software for Science: Practice and Experiences (WSSSPE2)}},
  year =        {2014}
}

@Misc{deroure:2010,
  author = 	 {David {De Roure}},
  title = 	 {{Replacing the Paper: The Twelve Rs of the e-Research Record}},
  howpublished = {\url{http://www.scilogs.com/eresearch/replacing-the-paper-the-twelve-rs-of-the-e-research-record/}},
  month = 	 {November},
  year = 	 {2011}
}

@Article{joppa-et-al:2013,
  author = 	 {Lucas N. Joppa and Greg McInerny and Richard Harper and Lara Salido and Kenji Takeda and Kenton O'Hara and David Gavaghan and Stephen Emmott},
  title = 	 {{Troubling Trends in Scientific Software Use}},
  journal = 	 {Science},
  year = 	 {2013},
  volume = 	 {340},
  number = 	 {6134},
  pages = 	 {814--815}
}

@Article{bechhofer-et-al:2013,
  author = 	 {Sean Bechhofer and Iain Buchan and David {De Roure} and Paolo Missier and John Ainsworth and Jiten Bhagata and Philip Couch and Don Cruickshank and Mark Delderfield and Ian Dunlop and Matthew Gamble and Danius Michaelides and Stuart Owen and David Newman and Shoaib Sufi and Carole Goble},
  title = 	 {{Why linked data is not enough for scientists}},
  journal = 	 {{Future Generation Computer Systems}},
  year = 	 {2013},
  volume = 	 {29},
  number = 	 {2},
  pages = 	 {599--611}
}

@Article{osherovich:2011,
  author = 	 {Lev Osherovich},
  title = 	 {{Hedging against academic risk}},
  journal = 	 {{Science-Business eXchange}},
  year = 	 {2011},
  volume = 	 {4},
  number = 	 {15}
}

@Article{stodden+miguez:2014,
  author = 	 {Victoria Stodden and Sheila Miguez},
  title = 	 {{Best Practices for Computational Science: Software Infrastructure and Environments for Reproducible and Extensible Research}},
  journal = 	 {{Journal of Open Research Software}},
  year = 	 {2014},
  volume = 	 {2},
  number = 	 {1},
  pages = 	 {1--6}
}

@Article{rollins-et-al:2014,
  author = 	 {Nathan D. Rollins and C. Michael Barton and Sean Bergin and Marco A. Janssen and Allen Lee},
  title = 	 {{A Computational Model Library for publishing model documentation and code}},
  journal = 	 {{Environmental Modelling \& Software}},
  year = 	 {2014},
  volume = 	 {61},
  pages = 	 {59--64}
}

@Book{hey:2009,
  editor = 	 {Tony Hey and Stewart Tansley and Kristin Tolle},
  title = 	 {{The Fourth Paradigm: Data-Intensive Scientific Discovery}},
  publisher = 	 {{Microsoft Research}},
  year = 	 {2009}
}

@Article{stodden-et-al:2015,
  author = 	 {Victoria Stodden and Sheila Miguez and Jennifer Seiler},
  title = 	 {{ResearchCompendia.org: Cyberinfrastructure for Reproducibility and Collaboration in Computational Science}},
  journal = 	 {{Computing in Science \& Engineering}},
  year = 	 {2015},
  volume = 	 {17},
  number = 	 {12}
}

@InProceedings{oabarriaga-et-al:2014,
  author = 	 {S. Olabarriaga and G. Pierantoni and G. Taffoni and E. Sciacca and M. Jaghoori and V. Korkhov and G. Castelli and C. Vuerli and U. Becciani and E. Carley and B. Bentley},
  title = 	 {{Scientific Workflow Management -- For Whom?}},
  booktitle = {{Proceedings of 10th IEEE International Conference on e-Science (e-Science 2014)}},
  year = 	 {2014},
  pages = 	 {298--305},
  publisher = {{IEEE Press}}
}

@Article{ofria+wilke:2004,
  author = 	 {Charles Ofria and Claus O. Wilke},
  title = 	 {{Avida: A Software Platform for Research in Computational Evolutionary Biology}},
  journal = 	 {{Artificial Life}},
  year = 	 {2004},
  volume = 	 {10},
  number = 	 {2},
  pages = 	 {191--229}
}

@Article{vardi-cacm-2014,
  author =       {Moshe Y. Vardi},
  title =        {{Openism, IPism, Fundamentalism, and Pragmatism}},
  journal =      {{Communications of the ACM}},
  volume =       {57},
  number =       {8},
  year =         {2014}
} 
